<collection xmlns="http://www.loc.gov/MARC21/slim">
<record>
  <leader>01218nam0a22002771i 450 </leader>
  <controlfield tag="001">IT\ICCU\CNCE\015835</controlfield>
  <controlfield tag="005">20050503000000.0</controlfield>
  <datafield tag="100" ind1=" " ind2=" ">
    <subfield code="a">19970101d1529        0itac0103    ba</subfield>
  </datafield>
  <datafield tag="101" ind1=" " ind2=" ">
    <subfield code="a">LAT</subfield>
  </datafield>
  <datafield tag="102" ind1=" " ind2=" ">
    <subfield code="a">IT</subfield>
  </datafield>
  <datafield tag="200" ind1="1" ind2=" ">
    <subfield code="a">Lectio prima in Methaphisica et quaestiones in duodecim libris methaphisice. Petri Feltrij</subfield>
  </datafield>
  <datafield tag="210" ind1=" " ind2=" ">
    <subfield code="a">Neapoli</subfield>
    <subfield code="c">Sultzbach</subfield>
    <subfield code="d">1529</subfield>
  </datafield>
  <datafield tag="215" ind1=" " ind2=" ">
    <subfield code="a">89 c.</subfield>
    <subfield code="d">fol</subfield>
  </datafield>
  <datafield tag="620" ind1=" " ind2=" ">
    <subfield code="a">IT</subfield>
    <subfield code="d">Napoli</subfield>
  </datafield>
  <datafield tag="700" ind1=" " ind2="1">
    <subfield code="a">D&apos;Afeltro,</subfield>
    <subfield code="b">Pietro</subfield>
    <subfield code="3">IT\ICCU\CNCA\004545</subfield>
  </datafield>
  <datafield tag="712" ind1="0" ind2="0">
    <subfield code="a">Sultzbach, Giovanni</subfield>
    <subfield code="3">IT\ICCU\CNCT\000421</subfield>
    <subfield code="4">650</subfield>
  </datafield>
  <datafield tag="790" ind1=" " ind2="1">
    <subfield code="a">Feltrius,</subfield>
    <subfield code="b">Petrus</subfield>
    <subfield code="3">IT\ICCU\CNCA\004546</subfield>
    <subfield code="z">D&apos;Afeltro, Pietro</subfield>
  </datafield>
  <datafield tag="790" ind1=" " ind2="1">
    <subfield code="a">Feltrio,</subfield>
    <subfield code="b">Pietro</subfield>
    <subfield code="3">IT\ICCU\CNCA\014039</subfield>
    <subfield code="z">D&apos;Afeltro, Pietro</subfield>
  </datafield>
  <datafield tag="790" ind1=" " ind2="1">
    <subfield code="a">Feltro,</subfield>
    <subfield code="b">Pietro</subfield>
    <subfield code="3">IT\ICCU\CNCA\014040</subfield>
    <subfield code="z">D&apos;Afeltro, Pietro</subfield>
  </datafield>
  <datafield tag="790" ind1=" " ind2="1">
    <subfield code="a">Feltrus,</subfield>
    <subfield code="b">Petrus</subfield>
    <subfield code="3">IT\ICCU\CNCA\020836</subfield>
    <subfield code="z">D&apos;Afeltro, Pietro</subfield>
  </datafield>
  <datafield tag="791" ind1="0" ind2="0">
    <subfield code="a">Sultzbacchius, Ioannes</subfield>
    <subfield code="3">IT\ICCU\CNCT\005760</subfield>
    <subfield code="z">Sultzbach, Giovanni</subfield>
  </datafield>
  <datafield tag="791" ind1="0" ind2="0">
    <subfield code="a">Sulsbacchius, Ioannes</subfield>
    <subfield code="3">IT\ICCU\CNCT\005761</subfield>
    <subfield code="z">Sultzbach, Giovanni</subfield>
  </datafield>
  <datafield tag="791" ind1="0" ind2="0">
    <subfield code="a">Sultzbachius, Ioannes</subfield>
    <subfield code="3">IT\ICCU\CNCT\005762</subfield>
    <subfield code="z">Sultzbach, Giovanni</subfield>
  </datafield>
  <datafield tag="791" ind1="0" ind2="0">
    <subfield code="a">Sulsbach, Ioanne</subfield>
    <subfield code="3">IT\ICCU\CNCT\005763</subfield>
    <subfield code="z">Sultzbach, Giovanni</subfield>
  </datafield>
  <datafield tag="791" ind1="0" ind2="0">
    <subfield code="a">Sulzbach, Joannes</subfield>
    <subfield code="3">IT\ICCU\CNCT\005764</subfield>
    <subfield code="z">Sultzbach, Giovanni</subfield>
  </datafield>
  <datafield tag="801" ind1=" " ind2="3">
    <subfield code="a">IT</subfield>
    <subfield code="b">ICCU</subfield>
    <subfield code="c">20201114</subfield>
  </datafield>
</record>
</collection>
